@article{smith2025
title = {Climate change},
author = {John Smith}
}
